<?xml version="1.0" encoding="UTF-8"?><collection xmlns="http://www.loc.gov/MARC21/slim"><record><leader>00486nam--2200121-i-4500</leader><controlfield tag="001">000046042</controlfield><controlfield tag="002">20161230</controlfield><controlfield tag="005">20161230201045</controlfield><controlfield tag="008">060222s1000------------r-----000-0-eng-d</controlfield><datafield ind1=" " ind2=" " tag="080"><subfield code="a">550.3</subfield></datafield><datafield ind1=" " ind2=" " tag="245"><subfield code="a">Union geodesique et geophysique internationale. project dordre du jour association de seismologie de l`union geodesique et geophysique internationale. sixieme conference reunie a edimburg le 17 septembre 1936</subfield></datafield><datafield ind1=" " ind2=" " tag="260"><subfield code="a">Strasburg, Bureau Central Et Secretariat, 1935, 14p</subfield></datafield><datafield ind1=" " ind2=" " tag="852"><subfield code="a">48168</subfield></datafield></record></collection>